@book{KeberosTDG,
 author = {Garman, Jason},
 title = {Kerberos: The Definitive Guide},
 year = {2003},
 isbn = {0-596-00403-6},
 publisher = {O'Reilly Media},
} 

@article{HSMHighLow,
 author = {Lugar, Julie},
 title = {Hierarchical storage management: leveraging new capabilities},
 journal = {IT Professional},
 issue_date = {Mar/Apr 2001},
 volume = {3},
 number = {2},
 month = mar,
 year = {2001},
 issn = {1520-9202},
 pages = {53 - 55},
 url = {http://ieeexplore.ieee.org/document/918223/},
 doi = {10.1109/6294.918223},
 publisher = {IEEE},
}

@article{dynamickacesta,
 author = {Matějka, Luboš and Skupa, Jindřich and Strejc, Radek and Pešička, Ladislav and Šafařík, Jiří},
 title = {Dynamic Routing in Distributed File System},
 journal = {Journal of Networks},
 issue_date = {Oct 2014},
 volume = {9},
 number = {10},
 month = oct,
 year = {2014},
 issn = {1796-2056},
 pages = {2591 - 2597},
}

@article{codapaper,
 author = {Satyanarayanan, Mahadev and Kistler, James J. and Kumar, Puneet and Okasaki, Maria E and Siegel, Ellen H. and Steere, David C.},
 title = {Coda: A Highly Available File System for a Distributed Workstation Environment},
 journal = {IEEE Transactions on Computers},
 issue_date = {Apr 1990},
 volume = {39},
 number = {4},
 month = apr,
 year = {1990},
 issn = {0018-9340}
}

@article{gfspaper,
 author = {Ghemawat, Sanjay and Gobioff, Howard and Leung, Shun-Tak},
 title = {The Google file system},
 journal = {ACM SIGOPS Operating Systems Review},
 issue_date = {Dec 2003},
 volume = {37},
 number = {5},
 month = dec,
 year = {2003},
 issn = {1520-9202},
 pages = {29 - 43},
 url = {https://dl.acm.org/citation.cfm?id=945450},
 doi = {10.1145/1165389.945450},
 publisher = {ACM},
}

@online{openafswiki,
 author = {},
 key = {OpenAFS},
 title = {OpenAFS Wiki},
 publisher = {OpenAFS},
 year = {2017},
 cited = {2017/02/24},
 url = {https://wiki.openafs.org/}
}

@inproceedings{disksimdoc,
  title={The DiskSim Simulation Environment Version 4.0 Reference Manual},
  author={Bucy, John S. and Schindler, Jiri and Schlosser, Steven W. and Ganger, Gregory R.},
  year={2008}
}

@article{ogssimpaper,
 author = {Gougeaud, Sebastien and Zertal, Soraya and Lafoucriere, Jacques-Charles and Deniel, Philippe},
 title = {A generic and open simulation tool for large multi-tiered hierarchical storage systems},
 journal = {2016 International Symposium on Performance Evaluation of Computer and Telecommunication Systems (SPECTS)},
 issue_date = {Jul 2016},
 month = jul,
 year = {2016},
 url = {http://ieeexplore.ieee.org/document/7570515/},
 doi = {10.1109/SPECTS.2016.7570515},
 publisher = {IEEE},
}

@article{storagesimpaper,
 author = {San-Lucas, César and Abad, Cristina L.},
 title = {Towards a fast multi-tier storage system simulator},
 journal = {Ecuador Technical Chapters Meeting (ETCM), IEEE},
 issue_date = {Oct 2016},
 month = oct,
 year = {2016},
 url = {http://ieeexplore.ieee.org/document/7750836/},
 doi = {10.1109/ETCM.2016.7750836},
 publisher = {IEEE},
}

@article{f4fbpaper,
 author = {Muralidhar,S. and Lloyd, W. and Roy, S. and Hill, C. and Lin, E.},
 title = {f4: Facebook’s warm BLOB storage system},
 journal = {11th USENIX Symposium on Operating Systems Design and Implementation},
 issue_date = {Oct 2014},
 month = oct,
 year = {2014}
}

@inproceedings{sniassdhdd,
  title={SSD Performance – A Primer},
  author={Kim, Eden},
  year={2013},
  publisher = {Solid State Storage Initiative},   
}

@inproceedings{gfssimulatorpaper,
 author = {Kolan, Pratima and Ramachandran, Vinod},
 title = {Google File System Simulator},
 month = dec,
 year = {2010}
}

@article{nfspaper,
 author = {Sandberg, R. and Goldberg, D. and Kleiman, S. and Walsh, D. and Lyon, B.},
 title = {Design and Implementation of the Sun Network File System},
 journal = {Proceedings of the Usenix Conference},
 issue_date = {Jun 1985},
 pages = {119-130},
 month = jun,
 year = {1985}
}

@online{nfsv4,
 author = {IETF},
 key = {NFSv4.1},
 title = {Network File System (NFS) version 4 Protocol - IETF},
 publisher = {IETF},
 year = {2017},
 cited = {2017/03/18},
 url = {https://www.ietf.org/rfc/rfc3530.txt}
}

@book{pvfspaper,
 author = {Sterling, Thomas},
 title = {PVFS: Parallel Virtual File System},
 year = {2000},
 isbn = {9780262286770},
 publisher = {MIT Press},
 pages = {391 - 429}
} 

@online{lustredoc,
 key = {Lustre},
 title = {Documentation | Lustre},
 year = {2017},
 cited = {2017/03/23},
 url = {http://lustre.org/documentation/}
}

@book{kivfspaper,
 author = {Skupa, Jindřich and Strejc, Radek and Pivnička, Marek and Junák, Michal},
 title = {KivFS: distribuovaný souborový systém},
 year = {2010},
 isbn = {978-80-7043-903-6},
 publisher = {Západočeská univerzita v Plzni}
} 

@article{kivfsreplicapaper,
 author = {Matějka, Luboš and Šafařík, Jiří and Pešička, Ladislav},
 title = {Distributed File System with Online Multi-master Replicas},
 year = {2011},
 isbn = {978-1-4577-0683-7},
 publisher = {IEEE},
 journal = {2011 Second Eastern European Regional Conference on the Engineering of Computer Based Systems}
} 

@inproceedings{zfspaper,
 author = {Oracle},
 title = {Architectural Overview of the Oracle ZFS Storage Appliance},
 month = Sep,
 year = {2016}
}

@inproceedings{cesnetstor,
 author = {Daneček, Milan},
 title = {Způsoby využití datových úložišť CESNET - Univerzita Karlova v Praze},
 month = May,
 year = {2016}
}

@article{cephpaper,
 author = {Weil, Sage and Brandt, Scott and Miller, Ethan and Long, Darrell and Maltzahn, Carlos},
 title = {Ceph: a scalable, high-performance distributed file system},
 year = {2006},
 pages = {307-320},
 journal = {OSDI '06 Proceedings of the 7th symposium on Operating systems design and implementation}
} 

@article{gridsimpaper,
    author = {Rajkumar Buyya and Manzur Murshed},
    title = {GridSim: A Toolkit for the Modeling and Simulation of Distributed Resource Management and Scheduling for Grid Computing},
    journal = {CONCURRENCY AND COMPUTATION: PRACTICE AND EXPERIENCE (CCPE)},
    year = {2002},
    volume = {14},
    number = {13},
    pages = {1175--1220}
}

@online{packettracerpaper,
 author = {},
 key = {Packet Tracer},
 title = {Cisco Packet Tracer},
 publisher = {Cisco},
 year = {2017},
 cited = {2017/03/24},
 url = {https://www.cisco.com/c/dam/en_us/training-events/netacad/course_catalog/docs/Cisco_PacketTracer_DS.pdf}
}

@book{javafxbook,
 author = {Dea, Carl and Heckler, Mark and Grunwald, Gerrit and Pereda, Jos and Phillips, Sean},
 title = {JavaFX 8: Introduction by Example},
 year = {2014},
 isbn = {1430264608, 9781430264606},
 edition = {2nd},
 publisher = {Apress},
 address = {Berkely, CA, USA},
}

@book{dijkstrabook,
 author = {Cormen, Thomas H. and Leiserson, Charles E. and Rivest, Ronald L. and Stein, Clifford},
 title = {Introduction to Algorithms, Third Edition},
 year = {2009},
 isbn = {0262033844, 9780262033848},
 edition = {3rd},
 publisher = {The MIT Press},
} 

@article{douglaspeuckeralg,
 author = {Visvalingam, M. and Whyatt, J. D.},
 title = {The Douglas-Peucker Algorithm for Line Simplification: Re-evaluation Through Visualization},
 journal = {Comput. Graph. Forum},
 issue_date = {September 1990},
 volume = {9},
 number = {3},
 month = sep,
 year = {1990},
 issn = {0167-7055},
 pages = {213--228},
 numpages = {16},
 url = {http://dx.doi.org/10.1111/j.1467-8659.1990.tb00398.x},
 doi = {10.1111/j.1467-8659.1990.tb00398.x},
 acmid = {86723},
 publisher = {Elsevier North-Holland, Inc.},
 address = {Amsterdam, The Netherlands, The Netherlands},
} 

@online{aesccmpaper,
 author = {Housley, R.},
 title = {Using AES-CCM and AES-GCM Authenticated Encryption in the Cryptographic Message Syntax (CMS)},
 publisher = {Vigil Security},
 year = {2007},
 cited = {2017/04/24},
 url = {https://tools.ietf.org/html/rfc5084}
}

@online{smbmultichannelonline,
 author = {},
 title = {Deploy SMB Multichannel},
 publisher = {Microsoft},
 year = {2014},
 cited = {2017/04/24},
 url = {https://technet.microsoft.com/en-us/library/dn610980(v=ws.11).aspx}
}

@inproceedings{smbpaper,
 author = {Barreto, Jose},
 publisher = {Storage Networking Industry Association},
 title = {SMB remote file protocol (including SMB 3.0)},
 year = {2012}
}

@online{sambaonline,
 author = {},
 title = {What is Samba?},
 cited = {2017/04/24},
 url = {https://www.samba.org/samba/what_is_samba.html}
}

@online{redlockonline,
 author = {},
 title = {Distributed locks with Redis},
 cited = {2017/04/27},
 url = {https://redis.io/topics/distlock}
}

@article{lamportpaper,
 author = {Lamport, Leslie},
 title = {Time, Clocks, and the Ordering of Events in a Distributed System},
 journal = {Commun. ACM},
 issue_date = {July 1978},
 volume = {21},
 number = {7},
 month = jul,
 year = {1978},
 issn = {0001-0782},
 pages = {558--565},
 numpages = {8},
 url = {http://doi.acm.org/10.1145/359545.359563},
 doi = {10.1145/359545.359563},
 acmid = {359563},
 publisher = {ACM},
 address = {New York, NY, USA},
 keywords = {clock synchronization, computer networks, distributed systems, multiprocess systems},
} 

@article{vectorclockpaper,
  added-at = {2012-01-14T13:04:26.000+0100},
  author = {Fidge, C. J.},
  biburl = {https://www.bibsonomy.org/bibtex/2cc829c490de6ff6203758943b4d3ca84/nosebrain},
  description = {Timestamps in message-passing systems that preserve the partial ordering | Mendeley},
  interhash = {27bbdd2f31ec6e29b97770b3e017cddc},
  intrahash = {cc829c490de6ff6203758943b4d3ca84},
  journal = {Proceedings of the 11th Australian Computer Science Conference},
  keywords = {clock vector},
  number = 1,
  pages = {56–66},
  timestamp = {2012-01-14T13:04:26.000+0100},
  title = {Timestamps in message-passing systems that preserve the partial ordering},
  url = {http://sky.scitech.qut.edu.au/~fidgec/Publications/fidge88a.pdf},
  volume = 10,
  year = 1988
}



@inproceedings{resilientoverlaypaper,
 author = {Andersen, David and Balakrishnan, Hari and Kaashoek, Frans and Morris, Robert},
 title = {Resilient Overlay Networks},
 booktitle = {Proceedings of the Eighteenth ACM Symposium on Operating Systems Principles},
 series = {SOSP '01},
 year = {2001},
 isbn = {1-58113-389-8},
 location = {Banff, Alberta, Canada},
 pages = {131--145},
 numpages = {15},
 url = {http://doi.acm.org/10.1145/502034.502048},
 doi = {10.1145/502034.502048},
 acmid = {502048},
 publisher = {ACM},
 address = {New York, NY, USA},
} 

@book{ospfpaper,
 author = {Moy, John T.},
 title = {OSPF: Anatomy of an Internet Routing Protocol},
 year = {1998},
 isbn = {0201634724},
 publisher = {Addison-Wesley Longman Publishing Co., Inc.},
 address = {Boston, MA, USA},
} 

@online{eigrponline,
 author = {Cisco},
 title = {Enhanced Interior Gateway Routing Protocol},
 cited = {2017/04/27},
 url = {https://www.cisco.com/c/en/us/support/docs/ip/enhanced-interior-gateway-routing-protocol-eigrp/16406-eigrp-toc.html}
}

@online{riponline,
 author = {Hedrick, C.},
 title = {Routing Information Protocol},
 year = {1988},
 cited = {2017/04/28},
 url = {https://tools.ietf.org/html/rfc1058}
}

@article{skupaoverlaypaper,
 author = {Skupa, Jindřich},
 title = {Dynamické směrování v překryvných sítích s využitím predikce: technical report no. DCSE/TR-2016-01 April, 2016},
 year = {2016},
 url = {http://hdl.handle.net/11025/21534},
 publisher = {University of West Bohemia in Pilsen},
 keywords = {dynamické směrování, překryvná síť, predikce},
} 

@inproceedings{sgidmfpaper,
 publisher = {Silicon Graphics International Corp.},
 title = {Software-defined Tiered Data Management Platform},
 year = {2016}
}

@online{hpssonline,
 title = {HPSS On-line Documentation - HPSS Systems},
 year = {2017},
 cited = {2017/04/29},
 url = {http://www.hpss-collaboration.org/online_doc.shtml}
}

@book{unittestpaper,
 author = {Hamill, Paul},
 title = {Unit Test Frameworks},
 year = {2004},
 isbn = {0596006896},
 edition = {First},
 publisher = {O'Reilly},
} 

@online{netbeansprofileronline,
 title = {Netbeans profiler},
 year = {2017},
 cited = {2017/04/30},
 url = {https://profiler.netbeans.org/}
}

@article{rsapaper,
 author = {Rivest, R. L. and Shamir, A. and Adleman, L.},
 title = {A Method for Obtaining Digital Signatures and Public-key Cryptosystems},
 journal = {Commun. ACM},
 issue_date = {Feb. 1978},
 volume = {21},
 number = {2},
 month = feb,
 year = {1978},
 issn = {0001-0782},
 pages = {120--126},
 numpages = {7},
 url = {http://doi.acm.org/10.1145/359340.359342},
 doi = {10.1145/359340.359342},
 acmid = {359342},
 publisher = {ACM},
 address = {New York, NY, USA},
 keywords = {authentication, cryptography, digital signatures, electronic funds transfer, electronic mail, factorization, message-passing, prime number, privacy, public-key cryptosystems, security},
}

@article{aespaper,
 author = {Stallings, William},
 title = {The Advanced Encryption Standard},
 journal = {Cryptologia},
 issue_date = {July 2002},
 volume = {26},
 number = {3},
 month = jul,
 year = {2002},
 issn = {0161-1194},
 pages = {165--188},
 numpages = {24},
 url = {http://dx.doi.org/10.1080/0161-110291890876},
 doi = {10.1080/0161-110291890876},
 acmid = {763196},
 publisher = {Taylor \& Francis, Inc.},
 address = {Bristol, PA, USA},
 keywords = {advanced Encryption standard, block cipher, symmetric cipher},
} 

@Inbook{desbook,
author="Paar, Christof
and Pelzl, Jan",
title="The Data Encryption Standard (DES) and Alternatives",
bookTitle="Understanding Cryptography: A Textbook for Students and Practitioners",
year="2010",
publisher="Springer Berlin Heidelberg",
address="Berlin, Heidelberg",
pages="55--86",
isbn="978-3-642-04101-3",
doi="10.1007/978-3-642-04101-3_3",
url="http://dx.doi.org/10.1007/978-3-642-04101-3_3"
}

@inproceedings{blowfishpaper,
 author = {Schneier, Bruce},
 title = {Description of a New Variable-Length Key, 64-bit Block Cipher (Blowfish)},
 booktitle = {Fast Software Encryption, Cambridge Security Workshop},
 year = {1994},
 isbn = {3-540-58108-1},
 pages = {191--204},
 numpages = {14},
 url = {http://dl.acm.org/citation.cfm?id=647930.740558},
 acmid = {740558},
 publisher = {Springer-Verlag},
 address = {London, UK, UK},
} 

@inproceedings{dsapaper,
 publisher = {FEDERAL INFORMATION PROCESSING STANDARDS
PUBLICATION},
 title = {FIPS PUB 186-3 - Digital Signature Standard},
 year = {2009}
}

@article{dhpaper,
 author = {Diffie, W. and Hellman, M.},
 title = {New Directions in Cryptography},
 journal = {IEEE Trans. Inf. Theor.},
 issue_date = {November 1976},
 volume = {22},
 number = {6},
 month = sep,
 year = {2006},
 issn = {0018-9448},
 pages = {644--654},
 numpages = {11},
 url = {http://dx.doi.org/10.1109/TIT.1976.1055638},
 doi = {10.1109/TIT.1976.1055638},
 acmid = {2269104},
 publisher = {IEEE Press},
 address = {Piscataway, NJ, USA},
} 

@INPROCEEDINGS{kerberospaper,
    author = {Jennifer G. Steiner and Clifford Neuman and Jeffrey I. Schiller},
    title = {Kerberos: An Authentication Service for Open Network Systems},
    booktitle = {IN USENIX CONFERENCE PROCEEDINGS},
    year = {1988},
    pages = {191--202},
    publisher = {}
}

@online{ldaponline,
 title = {Lightweight Directory Access Protocol (LDAP): The Protocol},
 author = {Sermersheim, J.},
 year = {2006},
 cited = {2017/04/30},
 url = {https://www.ietf.org/rfc/rfc4511.txt}
}

@article{bellmanfordpaper,
 ISSN = {0033569X, 15524485},
 URL = {http://www.jstor.org/stable/43634538},
 abstract = {Given a set of N cities, with every two linked by a road, and the times required to traverse these roads, we wish to determine the path from one given city to another given city which minimizes the travel time. The times are not directly proportional to the distances due to varying quality of roads and varying quantities of traffic. The functional equation technique of dynamic programming, combined with approximation in policy space, yields an iterative algorithm which converges after at most (N — 1) iterations.},
 author = {RICHARD BELLMAN},
 journal = {Quarterly of Applied Mathematics},
 number = {1},
 pages = {87-90},
 publisher = {Brown University},
 title = {ON A ROUTING PROBLEM},
 volume = {16},
 year = {1958}
}

@article{floydwarshall,
 author = {Floyd, Robert W.},
 title = {Algorithm 97: Shortest Path},
 journal = {Commun. ACM},
 issue_date = {June 1962},
 volume = {5},
 number = {6},
 month = jun,
 year = {1962},
 issn = {0001-0782},
 pages = {345--},
 url = {http://doi.acm.org/10.1145/367766.368168},
 doi = {10.1145/367766.368168},
 acmid = {368168},
 publisher = {ACM},
 address = {New York, NY, USA},
} 


